<?xml version="1.0" encoding="UTF-8"?><record xmlns="http://www.loc.gov/MARC21/slim" xmlns:cinclude="http://apache.org/cocoon/include/1.0" xmlns:zs="http://www.loc.gov/zing/srw/">
  <leader>00420nz  a2200145n  4500</leader>
  <controlfield tag="001">no2004078254</controlfield>
  <controlfield tag="003">DLC</controlfield>
  <controlfield tag="005">20040817052800.0</controlfield>
  <controlfield tag="008">040816n| acannaabn          |a aaa     c</controlfield>
  <datafield tag="010" ind1=" " ind2=" ">
    <subfield code="a">no2004078254</subfield>
  </datafield>
  <datafield tag="035" ind1=" " ind2=" ">
    <subfield code="a">(OCoLC)oca06419257</subfield>
  </datafield>
  <datafield tag="040" ind1=" " ind2=" ">
    <subfield code="a">IEN</subfield>
    <subfield code="b">eng</subfield>
    <subfield code="c">IEN</subfield>
  </datafield>
  <datafield tag="100" ind1="1" ind2=" ">
    <subfield code="a">Makena, J. M.</subfield>
    <subfield code="q">(Jackline M.)</subfield>
  </datafield>
  <datafield tag="400" ind1="1" ind2=" ">
    <subfield code="a">Makena, Jackline M.</subfield>
  </datafield>
  <datafield tag="670" ind1=" " ind2=" ">
    <subfield code="a">The mystery of the twin webs, c2003:</subfield>
    <subfield code="b">t.p. (J.M. Makena) p. i (Jackline Makena)</subfield>
  </datafield>
</record>